@inproceedings{groschwitz-etal-2018-amr,
    title = "{AMR} dependency parsing with a typed semantic algebra",
    author = "Groschwitz, Jonas  and
      Lindemann, Matthias  and
      Fowlie, Meaghan  and
      Johnson, Mark  and
      Koller, Alexander",
    booktitle = "Proceedings of the 56th Annual Meeting of the Association for Computational Linguistics (Volume 1: Long Papers)",
    month = jul,
    year = "2018",
    address = "Melbourne, Australia",
    publisher = "Association for Computational Linguistics",
    url = "https://aclanthology.org/P18-1170",
    doi = "10.18653/v1/P18-1170",
    pages = "1831--1841",
    abstract = "We present a semantic parser for Abstract Meaning Representations which learns to parse strings into tree representations of the compositional structure of an AMR graph. This allows us to use standard neural techniques for supertagging and dependency tree parsing, constrained by a linguistically principled type system. We present two approximative decoding algorithms, which achieve state-of-the-art accuracy and outperform strong baselines.",
}

%introduces SMATCH

@inproceedings{cai-knight-2013-smatch,
    title = "{S}match: an Evaluation Metric for Semantic Feature Structures",
    author = "Cai, Shu  and
      Knight, Kevin",
    booktitle = "Proceedings of the 51st Annual Meeting of the Association for Computational Linguistics (Volume 2: Short Papers)",
    month = aug,
    year = "2013",
    address = "Sofia, Bulgaria",
    publisher = "Association for Computational Linguistics",
    url = "https://aclanthology.org/P13-2131",
    pages = "748--752",
}

% introduces BART
@article{DBLP:journals/corr/abs-1910-13461,
  author       = {Mike Lewis and
                  Yinhan Liu and
                  Naman Goyal and
                  Marjan Ghazvininejad and
                  Abdelrahman Mohamed and
                  Omer Levy and
                  Veselin Stoyanov and
                  Luke Zettlemoyer},
  title        = {{BART:} Denoising Sequence-to-Sequence Pre-training for Natural Language
                  Generation, Translation, and Comprehension},
  journal      = {CoRR},
  volume       = {abs/1910.13461},
  year         = {2019},
  url          = {http://arxiv.org/abs/1910.13461},
  eprinttype    = {arXiv},
  eprint       = {1910.13461},
  timestamp    = {Thu, 31 Oct 2019 14:02:26 +0100},
  biburl       = {https://dblp.org/rec/journals/corr/abs-1910-13461.bib},
  bibsource    = {dblp computer science bibliography, https://dblp.org}
  }
  
  @inproceedings{propbank,
    title = "From {T}ree{B}ank to {P}rop{B}ank",
    author = "Kingsbury, Paul  and
      Palmer, Martha",
    booktitle = "Proceedings of the Third International Conference on Language Resources and Evaluation ({LREC}{'}02)",
    month = may,
    year = "2002",
    address = "Las Palmas, Canary Islands - Spain",
    publisher = "European Language Resources Association (ELRA)",
    url = "http://www.lrec-conf.org/proceedings/lrec2002/pdf/283.pdf",
}

% GPT

@inproceedings{Radford2019LanguageMA,
  title={Language Models are Unsupervised Multitask Learners},
  author={Alec Radford and Jeff Wu and Rewon Child and David Luan and Dario Amodei and Ilya Sutskever},
  year={2019},
  url={https://api.semanticscholar.org/CorpusID:160025533}
}

% bert

@misc{BERT,
      title={BERT: Pre-training of Deep Bidirectional Transformers for Language Understanding}, 
      author={Jacob Devlin and Ming-Wei Chang and Kenton Lee and Kristina Toutanova},
      year={2019},
      eprint={1810.04805},
      archivePrefix={arXiv},
      primaryClass={cs.CL}
}

% Introduces AMR
@inproceedings{banarescu-etal-2013-abstract,
    title = "{A}bstract {M}eaning {R}epresentation for Sembanking",
    author = "Banarescu, Laura  and
      Bonial, Claire  and
      Cai, Shu  and
      Georgescu, Madalina  and
      Griffitt, Kira  and
      Hermjakob, Ulf  and
      Knight, Kevin  and
      Koehn, Philipp  and
      Palmer, Martha  and
      Schneider, Nathan",
    booktitle = "Proceedings of the 7th Linguistic Annotation Workshop and Interoperability with Discourse",
    month = aug,
    year = "2013",
    address = "Sofia, Bulgaria",
    publisher = "Association for Computational Linguistics",
    url = "https://aclanthology.org/W13-2322",
    pages = "178--186",
}

@article{LSTM,
author = {Hochreiter, Sepp and Schmidhuber, JÃ¼rgen},
year = {1997},
month = {12},
pages = {1735-80},
title = {Long Short-term Memory},
volume = {9},
journal = {Neural computation},
doi = {10.1162/neco.1997.9.8.1735}
}

%introduces ontonotes
@inproceedings{hovy-etal-2006-ontonotes,
    title = "{O}nto{N}otes: The 90{\%} Solution",
    author = "Hovy, Eduard  and
      Marcus, Mitchell  and
      Palmer, Martha  and
      Ramshaw, Lance  and
      Weischedel, Ralph",
    booktitle = "Proceedings of the Human Language Technology Conference of the {NAACL}, Companion Volume: Short Papers",
    month = jun,
    year = "2006",
    address = "New York City, USA",
    publisher = "Association for Computational Linguistics",
    url = "https://aclanthology.org/N06-2015",
    pages = "57--60",
}
%thesis groschwitz

@phdthesis{GroschwitzThesis,
author = {Groschwitz, Jonas},
year = {2019},
month = {01},
pages = {},
title = {Methods for taking semantic graphs apart and putting them back together again}
}


% transformer architecture. First proposed pre-training. 
@article{DBLP:journals/corr/VaswaniSPUJGKP17,
  author       = {Ashish Vaswani and
                  Noam Shazeer and
                  Niki Parmar and
                  Jakob Uszkoreit and
                  Llion Jones and
                  Aidan N. Gomez and
                  Lukasz Kaiser and
                  Illia Polosukhin},
  title        = {Attention Is All You Need},
  journal      = {CoRR},
  volume       = {abs/1706.03762},
  year         = {2017},
  url          = {http://arxiv.org/abs/1706.03762},
  eprinttype    = {arXiv},
  eprint       = {1706.03762},
  timestamp    = {Sat, 23 Jan 2021 01:20:40 +0100},
  biburl       = {https://dblp.org/rec/journals/corr/VaswaniSPUJGKP17.bib},
  bibsource    = {dblp computer science bibliography, https://dblp.org}
}

% transfer learning imagenet computer vision

@article{DBLP:journals/corr/YosinskiCBL14,
  author       = {Jason Yosinski and
                  Jeff Clune and
                  Yoshua Bengio and
                  Hod Lipson},
  title        = {How transferable are features in deep neural networks?},
  journal      = {CoRR},
  volume       = {abs/1411.1792},
  year         = {2014},
  url          = {http://arxiv.org/abs/1411.1792},
  eprinttype    = {arXiv},
  eprint       = {1411.1792},
  timestamp    = {Mon, 13 Aug 2018 16:47:20 +0200},
  biburl       = {https://dblp.org/rec/journals/corr/YosinskiCBL14.bib},
  bibsource    = {dblp computer science bibliography, https://dblp.org}
}